@misc{latexstudio2023HUST-Beamer-Theme,
  author = {latexstudio},
  title  = {HUST-Beamer-Theme},
  year   = 2023,
  url    = {https://github.com/latexstudio/HUST-Beamer-Theme}
}

@article{2023arXiv230909150H,
  author        = {{He}, Qianyu and {Zeng}, Jie and {Huang}, Wenhao and {Chen}, Lina and {Xiao}, Jin and {He}, Qianxi and {Zhou}, Xunzhe and {Chen}, Lida and {Wang}, Xintao and {Huang}, Yuncheng and {Ye}, Haoning and {Li}, Zihan and {Chen}, Shisong and {Zhang}, Yikai and {Gu}, Zhouhong and {Liang}, Jiaqing and {Xiao}, Yanghua},
  title         = {{Can Large Language Models Understand Real-World Complex Instructions?}},
  journal       = {arXiv e-prints},
  keywords      = {Computer Science - Computation and Language, Computer Science - Artificial Intelligence},
  year          = 2023,
  month         = sep,
  eid           = {arXiv:2309.09150},
  pages         = {arXiv:2309.09150},
  doi           = {10.48550/arXiv.2309.09150},
  archiveprefix = {arXiv},
  eprint        = {2309.09150},
  primaryclass  = {cs.CL},
  adsurl        = {https://ui.adsabs.harvard.edu/abs/2023arXiv230909150H},
  adsnote       = {Provided by the SAO/NASA Astrophysics Data System}
}
